% !TEX encoding = UTF-8 Unicode

@inproceedings{Gatys:2016gj,
    author = {Gatys, Leon A and Ecker, Alexander S and Bethge, Matthias},
    title = {{Image Style Transfer Using Convolutional Neural Networks}},
    booktitle = {2016 IEEE Conference on Computer Vision and Pattern Recognition (CVPR},
    year = {2016},
    pages = {2414--2423},
    publisher = {IEEE}
}


@article{Gatys:2015ub,
    author = {Gatys, Leon A and Ecker, Alexander S and Bethge, Matthias},
    title = {{A Neural Algorithm of Artistic Style}},
    journal = {arXiv.org},
    year = {2015},
    eprint = {1508.06576v2},
    eprinttype = {arxiv},
    eprintclass = {cs.CV},
    month = aug
}


@article{kingma2014adam,
  title={Adam: A method for stochastic optimization},
  author={Kingma, Diederik and Ba, Jimmy},
  journal={arXiv preprint arXiv:1412.6980},
  year={2014}
}


@misc{athalye2015neuralstyle,
    author = {Anish Athalye},
    title = {Neural Style},
    year = {2015},
    howpublished = {\url{https://github.com/anishathalye/neural-style}},
}

@misc{engstrom2016faststyletransfer,
    author = {Logan Engstrom},
    title = {Fast Style Transfer},
    year = {2016},
    howpublished = {\url{https://github.com/lengstrom/fast-style-transfer/}},
}
